
@Book{Matousek:SAR,
author = {J. Matousek},
title = {Síťové aplikace a jejich architektura},
publisher = {VUTIUM},
year = {2014},
address = {Brno},
isbn = {978-80-214-3766-1}
}

@Article{ReadName,
author = {F. Fallahi},
title = {dns.c},
note = {[online]. 2009},
url={https://gist.github.com/fffaraz/9d9170b57791c28ccda9255b48315168}
}

@Article{DNS-notes,
author = {T. Benson},
title = {Lab 4: DSN Primer Notes},
note = {[online]. 2016},
url={https://www2.cs.duke.edu/courses/fall16/compsci356/DNS/DNS-primer.pdf}
}


